@incollection{grimm,
title = "Optical Dipole Traps for Neutral Atoms",
editor = "Benjamin Bederson and Herbert Walther",
series = "Advances In Atomic, Molecular, and Optical Physics",
publisher = "Academic Press",
volume = "42",
number = "Supplement C",
pages = "95 - 170",
year = "2000",
issn = "1049-250X",
doi = "https://doi.org/10.1016/S1049-250X(08)60186-X",
url = "http://www.sciencedirect.com/science/article/pii/S1049250X0860186X",
author = "Rudolf Grimm and Matthias Weidemüller and Yurii B. Ovchinnikov"
}

@phdthesis{greiner,
       publisher = {Ludwig-Maximilians-Universit{\"a}t M{\"u}nchen},
            year = {2003},
           month = {April},
           title = {Ultracold quantum gases in three-dimensional optical lattice potentials},
          author = {Markus Greiner},
             url = {http://nbn-resolving.de/urn:nbn:de:bvb:19-9683},
        keywords = {BEC, Mott, optical lattice, Bose-Einstein condensate, Bose-Einstein-Kondensat}
}

@article{characPhases,
  title = {Characterization of Mott-insulating and superfluid phases in the one-dimensional Bose-Hubbard model},
  author = {Ejima, Satoshi and Fehske, Holger and Gebhard, Florian and zu M\"unster, Kevin and Knap, Michael and Arrigoni, Enrico and von der Linden, Wolfgang},
  journal = {Phys. Rev. A},
  volume = {85},
  issue = {5},
  pages = {053644},
  numpages = {15},
  year = {2012},
  month = {May},
  publisher = {American Physical Society},
  doi = {10.1103/PhysRevA.85.053644},
  url = {https://link.aps.org/doi/10.1103/PhysRevA.85.053644}
}


@article{lewenstein,
author = { Maciej   Lewenstein  and  Anna   Sanpera  and  Veronica   Ahufinger  and  Bogdan   Damski  and  Aditi   Sen(De)  and  Ujjwal   Sen },
title = {Ultracold atomic gases in optical lattices: mimicking condensed matter physics and beyond},
journal = {Advances in Physics},
volume = {56},
number = {2},
pages = {243-379},
year  = {2007},
publisher = {Taylor & Francis},
doi = {10.1080/00018730701223200},
URL = {https://doi.org/10.1080/00018730701223200},
eprint = {https://doi.org/10.1080/00018730701223200}
}

@article{manybodyBloch,
  title = {Many-body physics with ultracold gases},
  author = {Bloch, Immanuel and Dalibard, Jean and Zwerger, Wilhelm},
  journal = {Rev. Mod. Phys.},
  volume = {80},
  issue = {3},
  pages = {885--964},
  numpages = {0},
  year = {2008},
  month = {Jul},
  publisher = {American Physical Society},
  doi = {10.1103/RevModPhys.80.885},
  url = {https://link.aps.org/doi/10.1103/RevModPhys.80.885}
}


@article{vanoosten,
  title = {Quantum phases in an optical lattice},
  author = {van Oosten, D. and van der Straten, P. and Stoof, H. T. C.},
  journal = {Phys. Rev. A},
  volume = {63},
  issue = {5},
  pages = {053601},
  numpages = {12},
  year = {2001},
  month = {Apr},
  publisher = {American Physical Society},
  doi = {10.1103/PhysRevA.63.053601},
  url = {https://link.aps.org/doi/10.1103/PhysRevA.63.053601}
}


@article{schollwock,
title = "The density-matrix renormalization group in the age of matrix product states",
journal = "Annals of Physics",
volume = "326",
number = "1",
pages = "96 - 192",
year = "2011",
note = "January 2011 Special Issue",
issn = "0003-4916",
doi = "https://doi.org/10.1016/j.aop.2010.09.012",
url = "http://www.sciencedirect.com/science/article/pii/S0003491610001752",
author = "Ulrich Schollwöck"
}

@article{Kuhner2000,
  title = {One-dimensional Bose-Hubbard model with nearest-neighbor interaction},
  author = {K\"uhner, Till D. and White, Steven R. and Monien, H.},
  journal = {Phys. Rev. B},
  volume = {61},
  issue = {18},
  pages = {12474--12489},
  numpages = {0},
  year = {2000},
  month = {May},
  publisher = {American Physical Society},
  doi = {10.1103/PhysRevB.61.12474},
  url = {https://link.aps.org/doi/10.1103/PhysRevB.61.12474}
}

@article{Kollath2004,
  title = {Spatial correlations of trapped one-dimensional bosons in an optical lattice},
  author = {Kollath, C. and Schollw\"ock, U. and von Delft, J. and Zwerger, W.},
  journal = {Phys. Rev. A},
  volume = {69},
  issue = {3},
  pages = {031601},
  numpages = {4},
  year = {2004},
  month = {Mar},
  publisher = {American Physical Society},
  doi = {10.1103/PhysRevA.69.031601},
  url = {https://link.aps.org/doi/10.1103/PhysRevA.69.031601}
}


@book{plischke,
  title={Equilibrium Statistical Physics},
  author={Plischke, M. and Bergersen, B.},
  isbn={9789812560483},
  lccn={2004056775},
  url={https://books.google.dk/books?id=KYu7igYEkhwC},
  year={2006},
  publisher={World Scientific}
}

@book{kittel,
  title={Introduction to Solid State Physics},
  author={Kittel, C.},
  isbn={9780471415268},
  lccn={2004042250},
  url={https://books.google.dk/books?id=kym4QgAACAAJ},
  year={2004},
  publisher={Wiley}
}

@book{bruus,
  title={Many-Body Quantum Theory in Condensed Matter Physics: An Introduction},
  author={Bruus, H. and Flensberg, K.},
  isbn={9780198566335},
  lccn={2005272846},
  series={Oxford Graduate Texts},
  url={https://books.google.dk/books?id=v5vhg1tYLC8C},
  year={2004},
  publisher={OUP Oxford}
}

@Article{Gross1961,
author="Gross, E. P.",
title="Structure of a quantized vortex in boson systems",
journal="Il Nuovo Cimento (1955-1965)",
year="1961",
month="May",
day="01",
volume="20",
number="3",
pages="454--477",
issn="1827-6121",
doi="10.1007/BF02731494",
url="https://doi.org/10.1007/BF02731494"
}

@Article{Pitaevskii,
author="L.P. Pitaevskii",
title="Vortex Lines in an Imperfect Bose Gas ",
journal="Soviet Physics JETP ",
year="1961",
month="August",
volume="13",
number="2",
pages="451--454"
}

@article{Jaksch,
  title = {Cold Bosonic Atoms in Optical Lattices},
  author = {Jaksch, D. and Bruder, C. and Cirac, J. I. and Gardiner, C. W. and Zoller, P.},
  journal = {Phys. Rev. Lett.},
  volume = {81},
  issue = {15},
  pages = {3108--3111},
  numpages = {0},
  year = {1998},
  month = {Oct},
  publisher = {American Physical Society},
  doi = {10.1103/PhysRevLett.81.3108},
  url = {https://link.aps.org/doi/10.1103/PhysRevLett.81.3108}
}

@article{PenroseOnsager,
  title = {Bose-Einstein Condensation and Liquid Helium},
  author = {Penrose, Oliver and Onsager, Lars},
  journal = {Phys. Rev.},
  volume = {104},
  issue = {3},
  pages = {576--584},
  numpages = {0},
  year = {1956},
  month = {Nov},
  publisher = {American Physical Society},
  doi = {10.1103/PhysRev.104.576},
  url = {https://link.aps.org/doi/10.1103/PhysRev.104.576}
}

@article{Lanczos,
      author         = "Lanczos, Cornelius",
      title          = "{An iteration method for the solution of the eigenvalue
                        problem of linear differential and integral operators}",
      journal        = "J. Res. Natl. Bur. Stand. B",
      volume         = "45",
      year           = "1950",
      pages          = "255-282",
      doi            = "10.6028/jres.045.026",
      SLACcitation   = "%%CITATION = INSPIRE-45389;%%"
}

@article{Cramer,
  title = {Colloquium: Area laws for the entanglement entropy},
  author = {Eisert, J. and Cramer, M. and Plenio, M. B.},
  journal = {Rev. Mod. Phys.},
  volume = {82},
  issue = {1},
  pages = {277--306},
  numpages = {0},
  year = {2010},
  month = {Feb},
  publisher = {American Physical Society},
  doi = {10.1103/RevModPhys.82.277},
  url = {https://link.aps.org/doi/10.1103/RevModPhys.82.277}
}

@article{Kashurnikov2002,
  title = {Revealing the superfluid\char21{}Mott-insulator transition in an optical lattice},
  author = {Kashurnikov, V. A. and Prokof'ev, N. V. and Svistunov, B. V.},
  journal = {Phys. Rev. A},
  volume = {66},
  issue = {3},
  pages = {031601},
  numpages = {4},
  year = {2002},
  month = {Sep},
  publisher = {American Physical Society},
  doi = {10.1103/PhysRevA.66.031601},
  url = {https://link.aps.org/doi/10.1103/PhysRevA.66.031601}
}
