@incollection{grimm,
title = "Optical Dipole Traps for Neutral Atoms",
editor = "Benjamin Bederson and Herbert Walther",
series = "Advances In Atomic, Molecular, and Optical Physics",
publisher = "Academic Press",
volume = "42",
number = "Supplement C",
pages = "95 - 170",
year = "2000",
issn = "1049-250X",
doi = "https://doi.org/10.1016/S1049-250X(08)60186-X",
url = "http://www.sciencedirect.com/science/article/pii/S1049250X0860186X",
author = "Rudolf Grimm and Matthias Weidemüller and Yurii B. Ovchinnikov"
}

@phdthesis{greiner,
       publisher = {Ludwig-Maximilians-Universit{\"a}t M{\"u}nchen},
            year = {2003},
           month = {April},
           title = {Ultracold quantum gases in three-dimensional optical lattice potentials},
          author = {Markus Greiner},
             url = {http://nbn-resolving.de/urn:nbn:de:bvb:19-9683},
        keywords = {BEC, Mott, optical lattice, Bose-Einstein condensate, Bose-Einstein-Kondensat}
}

@article{characPhases,
  title = {Characterization of Mott-insulating and superfluid phases in the one-dimensional Bose-Hubbard model},
  author = {Ejima, Satoshi and Fehske, Holger and Gebhard, Florian and zu M\"unster, Kevin and Knap, Michael and Arrigoni, Enrico and von der Linden, Wolfgang},
  journal = {Phys. Rev. A},
  volume = {85},
  issue = {5},
  pages = {053644},
  numpages = {15},
  year = {2012},
  month = {May},
  publisher = {American Physical Society},
  doi = {10.1103/PhysRevA.85.053644},
  url = {https://link.aps.org/doi/10.1103/PhysRevA.85.053644}
}


@article{lewenstein,
author = { Maciej   Lewenstein  and  Anna   Sanpera  and  Veronica   Ahufinger  and  Bogdan   Damski  and  Aditi   Sen(De)  and  Ujjwal   Sen },
title = {Ultracold atomic gases in optical lattices: mimicking condensed matter physics and beyond},
journal = {Advances in Physics},
volume = {56},
number = {2},
pages = {243-379},
year  = {2007},
publisher = {Taylor & Francis},
doi = {10.1080/00018730701223200},
URL = {https://doi.org/10.1080/00018730701223200},
eprint = {https://doi.org/10.1080/00018730701223200}
}

@article{manybodyBloch,
  title = {Many-body physics with ultracold gases},
  author = {Bloch, Immanuel and Dalibard, Jean and Zwerger, Wilhelm},
  journal = {Rev. Mod. Phys.},
  volume = {80},
  issue = {3},
  pages = {885--964},
  numpages = {0},
  year = {2008},
  month = {Jul},
  publisher = {American Physical Society},
  doi = {10.1103/RevModPhys.80.885},
  url = {https://link.aps.org/doi/10.1103/RevModPhys.80.885}
}


@article{vanoosten,
  title = {Quantum phases in an optical lattice},
  author = {van Oosten, D. and van der Straten, P. and Stoof, H. T. C.},
  journal = {Phys. Rev. A},
  volume = {63},
  issue = {5},
  pages = {053601},
  numpages = {12},
  year = {2001},
  month = {Apr},
  publisher = {American Physical Society},
  doi = {10.1103/PhysRevA.63.053601},
  url = {https://link.aps.org/doi/10.1103/PhysRevA.63.053601}
}


@article{schollwock,
title = "The density-matrix renormalization group in the age of matrix product states",
journal = "Annals of Physics",
volume = "326",
number = "1",
pages = "96 - 192",
year = "2011",
note = "January 2011 Special Issue",
issn = "0003-4916",
doi = "https://doi.org/10.1016/j.aop.2010.09.012",
url = "http://www.sciencedirect.com/science/article/pii/S0003491610001752",
author = "Ulrich Schollwöck"
}

@article{Kuhner2000,
  title = {One-dimensional Bose-Hubbard model with nearest-neighbor interaction},
  author = {K\"uhner, Till D. and White, Steven R. and Monien, H.},
  journal = {Phys. Rev. B},
  volume = {61},
  issue = {18},
  pages = {12474--12489},
  numpages = {0},
  year = {2000},
  month = {May},
  publisher = {American Physical Society},
  doi = {10.1103/PhysRevB.61.12474},
  url = {https://link.aps.org/doi/10.1103/PhysRevB.61.12474}
}

@article{Kollath2004,
  title = {Spatial correlations of trapped one-dimensional bosons in an optical lattice},
  author = {Kollath, C. and Schollw\"ock, U. and von Delft, J. and Zwerger, W.},
  journal = {Phys. Rev. A},
  volume = {69},
  issue = {3},
  pages = {031601},
  numpages = {4},
  year = {2004},
  month = {Mar},
  publisher = {American Physical Society},
  doi = {10.1103/PhysRevA.69.031601},
  url = {https://link.aps.org/doi/10.1103/PhysRevA.69.031601}
}


@book{plischke,
  title={Equilibrium Statistical Physics},
  author={Plischke, M. and Bergersen, B.},
  isbn={9789812560483},
  lccn={2004056775},
  url={https://books.google.dk/books?id=KYu7igYEkhwC},
  year={2006},
  publisher={World Scientific}
}

@book{kittel,
  title={Introduction to Solid State Physics},
  author={Kittel, C.},
  isbn={9780471415268},
  lccn={2004042250},
  url={https://books.google.dk/books?id=kym4QgAACAAJ},
  year={2004},
  publisher={Wiley}
}

@book{bruus,
  title={Many-Body Quantum Theory in Condensed Matter Physics: An Introduction},
  author={Bruus, H. and Flensberg, K.},
  isbn={9780198566335},
  lccn={2005272846},
  series={Oxford Graduate Texts},
  url={https://books.google.dk/books?id=v5vhg1tYLC8C},
  year={2004},
  publisher={OUP Oxford}
}

@Article{Gross1961,
author="Gross, E. P.",
title="Structure of a quantized vortex in boson systems",
journal="Il Nuovo Cimento (1955-1965)",
year="1961",
month="May",
day="01",
volume="20",
number="3",
pages="454--477",
issn="1827-6121",
doi="10.1007/BF02731494",
url="https://doi.org/10.1007/BF02731494"
}

@Article{Pitaevskii,
author="L.P. Pitaevskii",
title="Vortex Lines in an Imperfect Bose Gas ",
journal="Soviet Physics JETP ",
year="1961",
month="August",
volume="13",
number="2",
pages="451--454"
}

@article{Jaksch,
  title = {Cold Bosonic Atoms in Optical Lattices},
  author = {Jaksch, D. and Bruder, C. and Cirac, J. I. and Gardiner, C. W. and Zoller, P.},
  journal = {Phys. Rev. Lett.},
  volume = {81},
  issue = {15},
  pages = {3108--3111},
  numpages = {0},
  year = {1998},
  month = {Oct},
  publisher = {American Physical Society},
  doi = {10.1103/PhysRevLett.81.3108},
  url = {https://link.aps.org/doi/10.1103/PhysRevLett.81.3108}
}

@article{PenroseOnsager,
  title = {Bose-Einstein Condensation and Liquid Helium},
  author = {Penrose, Oliver and Onsager, Lars},
  journal = {Phys. Rev.},
  volume = {104},
  issue = {3},
  pages = {576--584},
  numpages = {0},
  year = {1956},
  month = {Nov},
  publisher = {American Physical Society},
  doi = {10.1103/PhysRev.104.576},
  url = {https://link.aps.org/doi/10.1103/PhysRev.104.576}
}

@article{Lanczos,
      author         = "Lanczos, Cornelius",
      title          = "{An iteration method for the solution of the eigenvalue
                        problem of linear differential and integral operators}",
      journal        = "J. Res. Natl. Bur. Stand. B",
      volume         = "45",
      year           = "1950",
      pages          = "255-282",
      doi            = "10.6028/jres.045.026",
      SLACcitation   = "%%CITATION = INSPIRE-45389;%%"
}

@article{Cramer,
  title = {Colloquium: Area laws for the entanglement entropy},
  author = {Eisert, J. and Cramer, M. and Plenio, M. B.},
  journal = {Rev. Mod. Phys.},
  volume = {82},
  issue = {1},
  pages = {277--306},
  numpages = {0},
  year = {2010},
  month = {Feb},
  publisher = {American Physical Society},
  doi = {10.1103/RevModPhys.82.277},
  url = {https://link.aps.org/doi/10.1103/RevModPhys.82.277}
}

@article{Kashurnikov2002,
  title = {Revealing the superfluid\char21{}Mott-insulator transition in an optical lattice},
  author = {Kashurnikov, V. A. and Prokof'ev, N. V. and Svistunov, B. V.},
  journal = {Phys. Rev. A},
  volume = {66},
  issue = {3},
  pages = {031601},
  numpages = {4},
  year = {2002},
  month = {Sep},
  publisher = {American Physical Society},
  doi = {10.1103/PhysRevA.66.031601},
  url = {https://link.aps.org/doi/10.1103/PhysRevA.66.031601}
}

@article{Spielman2008,
  title = {Condensate Fraction in a 2D Bose Gas Measured across the Mott-Insulator Transition},
  author = {Spielman, I. B. and Phillips, W. D. and Porto, J. V.},
  journal = {Phys. Rev. Lett.},
  volume = {100},
  issue = {12},
  pages = {120402},
  numpages = {4},
  year = {2008},
  month = {Mar},
  publisher = {American Physical Society},
  doi = {10.1103/PhysRevLett.100.120402},
  url = {https://link.aps.org/doi/10.1103/PhysRevLett.100.120402}
}

@Book{wright,
  Title                    = {Numerical Optimization},
  Author                   = {Jorge Nocedal and Stephen J. Wright},
  Publisher                = {Springer},
  Year                     = {2006},

  Address                  = {New York, NY, USA},
  Edition                  = {second}
}

@InProceedings{ipopt,
  author =	{Andreas W{\"a}chter},
  title =	{Short Tutorial: Getting Started With Ipopt in 90 Minutes},
  booktitle =	{Combinatorial Scientific Computing},
  year =	{2009},
  editor =	{Uwe Naumann and Olaf Schenk and Horst D. Simon and Sivan Toledo},
  number =	{09061},
  series =	{Dagstuhl Seminar Proceedings},
  ISSN =	{1862-4405},
  publisher =	{Schloss Dagstuhl - Leibniz-Zentrum fuer Informatik, Germany},
  address =	{Dagstuhl, Germany},
  URL =		{http://drops.dagstuhl.de/opus/volltexte/2009/2089},
  annote =	{Keywords: Nonlinear Optimization, Tutorial, Ipopt, COIN-OR}
}
@Misc{ipslides,
OPTkey = {https://web.stanford.edu/class/ee364a/lectures/barrier.pdf}
}

@Misc{ipnote,
author = {Robert Robere},
title = {Interior Point Methods and Linear Programming},
institution = {University of Toronto},
year = {2012}
}

@article{QSLtoffoli,
  title = {Fundamental Limit on the Rate of Quantum Dynamics: The Unified Bound Is Tight},
  author = {Levitin, Lev B. and Toffoli, Tommaso},
  journal = {Phys. Rev. Lett.},
  volume = {103},
  issue = {16},
  pages = {160502},
  numpages = {4},
  year = {2009},
  month = {Oct},
  publisher = {American Physical Society},
  doi = {10.1103/PhysRevLett.103.160502},
  url = {https://link.aps.org/doi/10.1103/PhysRevLett.103.160502}
}

@article{Aharonov,
  title = {Geometry of quantum evolution},
  author = {Anandan, J. and Aharonov, Y.},
  journal = {Phys. Rev. Lett.},
  volume = {65},
  issue = {14},
  pages = {1697--1700},
  numpages = {0},
  year = {1990},
  month = {Oct},
  publisher = {American Physical Society},
  doi = {10.1103/PhysRevLett.65.1697},
  url = {https://link.aps.org/doi/10.1103/PhysRevLett.65.1697}
}

@article{beyondQSL,
  title = {Time-limited optimal dynamics beyond the quantum speed limit},
  author = {Gajdacz, Miroslav and Das, Kunal K. and Arlt, Jan and Sherson, Jacob F. and Opatrn\'y, Tom\'a\ifmmode \check{s}\else \v{s}\fi{}},
  journal = {Phys. Rev. A},
  volume = {92},
  issue = {6},
  pages = {062106},
  numpages = {7},
  year = {2015},
  month = {Dec},
  publisher = {American Physical Society},
  doi = {10.1103/PhysRevA.92.062106},
  url = {https://link.aps.org/doi/10.1103/PhysRevA.92.062106}
}

@article{QOCT,
  title = {Optimal quantum control of Bose-Einstein condensates in magnetic microtraps: Comparison of gradient-ascent-pulse-engineering and Krotov optimization schemes},
  author = {J\"ager, Georg and Reich, Daniel M. and Goerz, Michael H. and Koch, Christiane P. and Hohenester, Ulrich},
  journal = {Phys. Rev. A},
  volume = {90},
  issue = {3},
  pages = {033628},
  numpages = {9},
  year = {2014},
  month = {Sep},
  publisher = {American Physical Society},
  doi = {10.1103/PhysRevA.90.033628},
  url = {https://link.aps.org/doi/10.1103/PhysRevA.90.033628}
}

@article{BECcontrol,
author = {A. Borzì and U. Hohenester},
title = {Multigrid Optimization Schemes for Solving Bose–Einstein Condensate Control Problems},
journal = {SIAM Journal on Scientific Computing},
volume = {30},
number = {1},
pages = {441-462},
year = {2008},
doi = {10.1137/070686135},

URL = { 
        https://doi.org/10.1137/070686135
    },
eprint = { 
        https://doi.org/10.1137/070686135
    }
}

@article{QOCTtwolevel,
  title = {Driving at the Quantum Speed Limit: Optimal Control of a Two-Level System},
  author = {Hegerfeldt, Gerhard C.},
  journal = {Phys. Rev. Lett.},
  volume = {111},
  issue = {26},
  pages = {260501},
  numpages = {5},
  year = {2013},
  month = {Dec},
  publisher = {American Physical Society},
  doi = {10.1103/PhysRevLett.111.260501},
  url = {https://link.aps.org/doi/10.1103/PhysRevLett.111.260501}
}

@article{JakschZoller,
title = "The cold atom Hubbard toolbox",
journal = "Annals of Physics",
volume = "315",
number = "1",
pages = "52 - 79",
year = "2005",
note = "Special Issue",
issn = "0003-4916",
doi = "https://doi.org/10.1016/j.aop.2004.09.010",
url = "http://www.sciencedirect.com/science/article/pii/S0003491604001782",
author = "D. Jaksch and P. Zoller",
keywords = "03.75.−b, 32.80.Pj, 32.80.Qk, 03.67.Lx, Cold atom, Optical lattice, Hubbard model, Quantum computing, Atomic quantum dot"
}

@article{Vidal2003,
  title = {Efficient Classical Simulation of Slightly Entangled Quantum Computations},
  author = {Vidal, Guifr\'e},
  journal = {Phys. Rev. Lett.},
  volume = {91},
  issue = {14},
  pages = {147902},
  numpages = {4},
  year = {2003},
  month = {Oct},
  publisher = {American Physical Society},
  doi = {10.1103/PhysRevLett.91.147902},
  url = {https://link.aps.org/doi/10.1103/PhysRevLett.91.147902}
}

@article{Doria2011,
  title = {Optimal Control Technique for Many-Body Quantum Dynamics},
  author = {Doria, Patrick and Calarco, Tommaso and Montangero, Simone},
  journal = {Phys. Rev. Lett.},
  volume = {106},
  issue = {19},
  pages = {190501},
  numpages = {4},
  year = {2011},
  month = {May},
  publisher = {American Physical Society},
  doi = {10.1103/PhysRevLett.106.190501},
  url = {https://link.aps.org/doi/10.1103/PhysRevLett.106.190501}
}

@article{FrankBloch,
  title={Optimal control of complex atomic quantum systems},
  author={Van Frank, S and Bonneau, M and Schmiedmayer, J and Hild, Sebastian and Gross, Christian and Cheneau, Marc and Bloch, Immanuel and Pichler, T and Negretti, A and Calarco, T and others},
  journal={Scientific reports},
  volume={6},
  year={2016},
  publisher={Nature Publishing Group}
}

@article{Caneva2009,
  title = {Optimal Control at the Quantum Speed Limit},
  author = {Caneva, T. and Murphy, M. and Calarco, T. and Fazio, R. and Montangero, S. and Giovannetti, V. and Santoro, G. E.},
  journal = {Phys. Rev. Lett.},
  volume = {103},
  issue = {24},
  pages = {240501},
  numpages = {4},
  year = {2009},
  month = {Dec},
  publisher = {American Physical Society},
  doi = {10.1103/PhysRevLett.103.240501},
  url = {https://link.aps.org/doi/10.1103/PhysRevLett.103.240501}
}

@article{Caneva2011,
  title = {Speeding up critical system dynamics through optimized evolution},
  author = {Caneva, Tommaso and Calarco, Tommaso and Fazio, Rosario and Santoro, Giuseppe E. and Montangero, Simone},
  journal = {Phys. Rev. A},
  volume = {84},
  issue = {1},
  pages = {012312},
  numpages = {5},
  year = {2011},
  month = {Jul},
  publisher = {American Physical Society},
  doi = {10.1103/PhysRevA.84.012312},
  url = {https://link.aps.org/doi/10.1103/PhysRevA.84.012312}
}

@Inbook{Mandelstam1991,
author="Mandelstam, L.
and Tamm, Ig.",
editor="Bolotovskii, Boris M.
and Frenkel, Victor Ya.
and Peierls, Rudolf",
title="The Uncertainty Relation Between Energy and Time in Non-relativistic Quantum Mechanics",
bookTitle="Selected Papers",
year="1991",
publisher="Springer Berlin Heidelberg",
address="Berlin, Heidelberg",
pages="115--123",
abstract="An uncertainty relation between energy and time having a simple physical meaning is rigorously deduced from the principles of quantum mechanics. Some examples of its application are discussed.",
isbn="978-3-642-74626-0",
doi="10.1007/978-3-642-74626-0_8",
url="https://doi.org/10.1007/978-3-642-74626-0_8"
}


  	
@article{Winckel2008,
  author={G von Winckel and A Borzì},
  title={Computational techniques for a quantum control problem with H 1 -cost},
  journal={Inverse Problems},
  volume={24},
  number={3},
  pages={034007},
  url={http://stacks.iop.org/0266-5611/24/i=3/a=034007},
  year={2008},
  abstract={The accurate numerical computation of optimal controls of infinite-dimensional quantum control problems is a very difficult task that requires us to take into account the features of the original infinite-dimensional problem. An important issue is the choice of the functional space where the minimization process is defined. A systematic comparison of L 2 - versus H 1 -based minimization shows that the choice of the appropriate functional space matters and has many consequences in the implementation of some optimization techniques. A matrix-free cascadic BFGS algorithm is introduced in the L 2 and H 1 settings, and it is demonstrated that the choice of H 1 over L 2 results in a substantial performance and robustness increase. A comparison between optimal control resulting from function space minimization and the control obtained by minimization over Chebyshev and proper orthogonal decomposition basis function coefficients is presented.}
}
	
@book{NumericalRecipes,
 author = {Press, William H. and Teukolsky, Saul A. and Vetterling, William T. and Flannery, Brian P.},
 title = {Numerical Recipes 3rd Edition: The Art of Scientific Computing},
 year = {2007},
 isbn = {0521880688, 9780521880688},
 edition = {3},
 publisher = {Cambridge University Press},
 address = {New York, NY, USA},
}

@phdthesis{WideraThesis,
  title={Constructing correlated spin states with neutral atoms in optical lattices},
  author={Widera, Artur},
  year={2008},
  school={Ph. D. thesis, Johannes Gutenberg-Universit{\"a}t, Mainz}
}

@book{pethick2002bose,
  title={Bose-Einstein condensation in dilute gases},
  author={Pethick, Christopher J and Smith, Henrik},
  year={2002},
  publisher={Cambridge university press}
} 

@article{WiemanCornell1995,
  title={Observation of Bose-Einstein condensation in a dilute atomic vapor},
  author={Anderson, Mike H and Ensher, Jason R and Matthews, Michael R and Wieman, Carl E and Cornell, Eric A and others},
  journal={science},
  volume={269},
  number={5221},
  pages={198--201},
  year={1995},
  publisher={JSTOR}
}

@article{Simon2011,
  title={Quantum simulation of antiferromagnetic spin chains in an optical lattice},
  author={Simon, Jonathan and Bakr, Waseem S and Ma, Ruichao and Tai, M Eric and Preiss, Philipp M and Greiner, Markus},
  journal={Nature},
  volume={472},
  number={7343},
  pages={307--312},
  year={2011},
  publisher={Nature Research}
}

@article{Tarruell2012,
  title={Creating, moving and merging Dirac points with a Fermi gas in a tunable honeycomb lattice},
  author={Tarruell, Leticia and Greif, Daniel and Uehlinger, Thomas and Jotzu, Gregor and Esslinger, Tilman},
  journal={Nature},
  volume={483},
  number={7389},
  pages={302--305},
  year={2012},
  publisher={Nature Research}
}

@article{Dalibard2011,
  title={Colloquium: Artificial gauge potentials for neutral atoms},
  author={Dalibard, Jean and Gerbier, Fabrice and Juzeli{\=u}nas, Gediminas and {\"O}hberg, Patrik},
  journal={Reviews of Modern Physics},
  volume={83},
  number={4},
  pages={1523},
  year={2011},
  publisher={APS}
}

@article{Bloch2012,
  title={Quantum simulations with ultracold quantum gases},
  author={Bloch, Immanuel and Dalibard, Jean and Nascimbene, Sylvain},
  journal={Nature Physics},
  volume={8},
  number={4},
  pages={267--276},
  year={2012},
  publisher={Nature Research}
}

@article{Zoller1999,
  title = {Entanglement of Atoms via Cold Controlled Collisions},
  author = {Jaksch, D. and Briegel, H.-J. and Cirac, J. I. and Gardiner, C. W. and Zoller, P.},
  journal = {Phys. Rev. Lett.},
  volume = {82},
  issue = {9},
  pages = {1975--1978},
  numpages = {0},
  year = {1999},
  month = {Mar},
  publisher = {American Physical Society},
  doi = {10.1103/PhysRevLett.82.1975},
  url = {https://link.aps.org/doi/10.1103/PhysRevLett.82.1975}
}

@article{Molmer2010,
  title = {Quantum information with Rydberg atoms},
  author = {Saffman, M. and Walker, T. G. and M\o{}lmer, K.},
  journal = {Rev. Mod. Phys.},
  volume = {82},
  issue = {3},
  pages = {2313--2363},
  numpages = {0},
  year = {2010},
  month = {Aug},
  publisher = {American Physical Society},
  doi = {10.1103/RevModPhys.82.2313},
  url = {https://link.aps.org/doi/10.1103/RevModPhys.82.2313}
}
