@article{QSLtoffoli,
  title = {Fundamental Limit on the Rate of Quantum Dynamics: The Unified Bound Is Tight},
  author = {Levitin, Lev B. and Toffoli, Tommaso},
  journal = {Phys. Rev. Lett.},
  volume = {103},
  issue = {16},
  pages = {160502},
  numpages = {4},
  year = {2009},
  month = {Oct},
  publisher = {American Physical Society},
  doi = {10.1103/PhysRevLett.103.160502},
  url = {https://link.aps.org/doi/10.1103/PhysRevLett.103.160502}
}

@article{Aharonov,
  title = {Geometry of quantum evolution},
  author = {Anandan, J. and Aharonov, Y.},
  journal = {Phys. Rev. Lett.},
  volume = {65},
  issue = {14},
  pages = {1697--1700},
  numpages = {0},
  year = {1990},
  month = {Oct},
  publisher = {American Physical Society},
  doi = {10.1103/PhysRevLett.65.1697},
  url = {https://link.aps.org/doi/10.1103/PhysRevLett.65.1697}
}

@article{beyondQSL,
  title = {Time-limited optimal dynamics beyond the quantum speed limit},
  author = {Gajdacz, Miroslav and Das, Kunal K. and Arlt, Jan and Sherson, Jacob F. and Opatrn\'y, Tom\'a\ifmmode \check{s}\else \v{s}\fi{}},
  journal = {Phys. Rev. A},
  volume = {92},
  issue = {6},
  pages = {062106},
  numpages = {7},
  year = {2015},
  month = {Dec},
  publisher = {American Physical Society},
  doi = {10.1103/PhysRevA.92.062106},
  url = {https://link.aps.org/doi/10.1103/PhysRevA.92.062106}
}

@article{QOCT,
  title = {Optimal quantum control of Bose-Einstein condensates in magnetic microtraps: Comparison of gradient-ascent-pulse-engineering and Krotov optimization schemes},
  author = {J\"ager, Georg and Reich, Daniel M. and Goerz, Michael H. and Koch, Christiane P. and Hohenester, Ulrich},
  journal = {Phys. Rev. A},
  volume = {90},
  issue = {3},
  pages = {033628},
  numpages = {9},
  year = {2014},
  month = {Sep},
  publisher = {American Physical Society},
  doi = {10.1103/PhysRevA.90.033628},
  url = {https://link.aps.org/doi/10.1103/PhysRevA.90.033628}
}

@article{BECcontrol,
author = {A. Borzì and U. Hohenester},
title = {Multigrid Optimization Schemes for Solving Bose–Einstein Condensate Control Problems},
journal = {SIAM Journal on Scientific Computing},
volume = {30},
number = {1},
pages = {441-462},
year = {2008},
doi = {10.1137/070686135},

URL = { 
        https://doi.org/10.1137/070686135
    },
eprint = { 
        https://doi.org/10.1137/070686135
    }
}

@article{QOCTtwolevel,
  title = {Driving at the Quantum Speed Limit: Optimal Control of a Two-Level System},
  author = {Hegerfeldt, Gerhard C.},
  journal = {Phys. Rev. Lett.},
  volume = {111},
  issue = {26},
  pages = {260501},
  numpages = {5},
  year = {2013},
  month = {Dec},
  publisher = {American Physical Society},
  doi = {10.1103/PhysRevLett.111.260501},
  url = {https://link.aps.org/doi/10.1103/PhysRevLett.111.260501}
}

