@Book{wright,
  Title                    = {Numerical Optimization},
  Author                   = {Jorge Nocedal and Stephen J. Wright},
  Publisher                = {Springer},
  Year                     = {2006},

  Address                  = {New York, NY, USA},
  Edition                  = {second}
}

@InProceedings{ipopt,
  author =	{Andreas W{\"a}chter},
  title =	{Short Tutorial: Getting Started With Ipopt in 90 Minutes},
  booktitle =	{Combinatorial Scientific Computing},
  year =	{2009},
  editor =	{Uwe Naumann and Olaf Schenk and Horst D. Simon and Sivan Toledo},
  number =	{09061},
  series =	{Dagstuhl Seminar Proceedings},
  ISSN =	{1862-4405},
  publisher =	{Schloss Dagstuhl - Leibniz-Zentrum fuer Informatik, Germany},
  address =	{Dagstuhl, Germany},
  URL =		{http://drops.dagstuhl.de/opus/volltexte/2009/2089},
  annote =	{Keywords: Nonlinear Optimization, Tutorial, Ipopt, COIN-OR}
}
@Misc{ipslides,
OPTkey = {https://web.stanford.edu/class/ee364a/lectures/barrier.pdf}
}

@Misc{ipnote,
author = {Robert Robere},
title = {Interior Point Methods and Linear Programming},
institution = {University of Toronto},
year = {2012}
}
